<?xml version="1.0" encoding="UTF-8"?>
<SOAP-ENV:Envelope xmlns:SOAP-ENV="http://schemas.xmlsoap.org/soap/envelope/" xmlns:mx="http://www.loc.gov/MARC21/slim" xmlns:of="http://oss.dbc.dk/ns/openformat"><SOAP-ENV:Body><of:formatResponse><marc21><mx:record format="MARC21" type="Bibliographic"><mx:leader>00000ncm a22000000c 4500</mx:leader><mx:controlfield tag="007">qu</mx:controlfield><mx:controlfield tag="008">140625s2012    xxu||||        ||| |eng|d</mx:controlfield><mx:datafield ind1=" " ind2=" " tag="020"><mx:subfield code="a">9781423453390 (spiralryg)</mx:subfield></mx:datafield><mx:datafield ind1="1" ind2=" " tag="029"><mx:subfield code="a">DKDLA</mx:subfield><mx:subfield code="b">870970-basis:45569470</mx:subfield></mx:datafield><mx:datafield ind1=" " ind2=" " tag="040"><mx:subfield code="a">DKDLA</mx:subfield><mx:subfield code="b">dan</mx:subfield><mx:subfield code="c">DKDLA</mx:subfield></mx:datafield><mx:datafield ind1=" " ind2=" " tag="049"><mx:subfield code="a">DK-190101</mx:subfield></mx:datafield><mx:datafield ind1=" " ind2=" " tag="084"><mx:subfield code="a">78.7941</mx:subfield><mx:subfield code="2">z</mx:subfield></mx:datafield><mx:datafield ind1="0" ind2="4" tag="245"><mx:subfield code="a">The ultimate rock pop fake book :</mx:subfield><mx:subfield code="b">melody, lyrics, chords for all "C" instruments : featuring over 500 songs</mx:subfield></mx:datafield><mx:datafield ind1=" " ind2=" " tag="260"><mx:subfield code="a">Milwaukee, Wis. :</mx:subfield><mx:subfield code="b">Hal Leonard,</mx:subfield><mx:subfield code="c">[2012]</mx:subfield></mx:datafield><mx:datafield ind1=" " ind2=" " tag="300"><mx:subfield code="a">556 sider</mx:subfield></mx:datafield><mx:datafield ind1=" " ind2=" " tag="500"><mx:subfield code="a">For sangstemme med becifring</mx:subfield></mx:datafield><mx:datafield ind1=" " ind2=" " tag="500"><mx:subfield code="a">Ed.nr.: HL 00240310</mx:subfield></mx:datafield><mx:datafield ind1="8" ind2=" " tag="505"><mx:subfield code="a">Indhold: Afternoon delight -- Against the wind -- Ain't no woman (like the one I've got) -- All alone am I -- All I wanna do -- All my loving -- All night long (all night) -- All the young dudes -- All through the night -- Amanda -- The jazz singer America -- American pie -- American woman -- Angel baby -- Annie's song -- Anticipation -- At my front door -- Beverly Hills cop Axel F -- Baby come back -- Baby don't get hooked on me -- Baby, I'm-a want you -- Baby, it's you -- Baby one more time -- Bad blood -- Bad day -- Bad medicine -- Baker Street -- Band on the run -- Batman Batdance -- Be my baby -- Beach baby -- Beast of burden -- Beautiful -- (It's a) beautiful morning -- Because of you -- Believe what you say -- Bennie and the Jets -- Best thing that ever happened to me -- Big girls don't cry -- The big hurt -- Bird dog -- The birds and the bees -- Bitch -- Bits and pieces -- Black denim trousers and motorcycle boots -- Black hole sun -- Blue on blue -- Blue velvet -- Bobby's girl -- Bohemian rhapsody -- Bony Moronie -- Boogie fever -- Boogie oogie oogie -- Easy rider Born to be wild -- Born too late -- A boy named Sue -- Bread and butter -- The princess diaries 2 Breakaway : Royal engagement -- Bristol stomp -- Brother Louie -- Brown eyed girl -- Burning love -- Busted -- Butterfly -- C'est la vie -- American gigolo Call me -- Can't smile without you -- Candle in the wind -- Willy Wonka and the chocolate factory The candy man -- Car wash -- Carrie -- Cars -- Catch a falling star -- Chains -- Chances are -- Cinco Robles : Five oaks -- Clocks -- The closer you get -- Cold as ice -- Cold-hearted -- Come and get it -- Come as you are -- Come back when you grow up -- Come on Eileen -- Come together -- Complicated -- Corrine Corrina -- Cover girl -- Coward of the county -- Cracklin' Rosie -- Cradle of love -- Creeque Alley -- Cry like a baby -- Cuts like a knife -- Cycles -- Dance with me -- Dancing with myself -- Daniel -- Darling, be home soon -- Daydream believer -- De do do do, de da da da -- Deja vu -- Detroit City -- Diana -- Do you know what I mean -- Mahogany Do you know where you're going to? -- Do you really want to hurt me -- Do you wanna make love -- Doctor! Doctor! -- Don't -- Don't give up on us -- Don't know why -- Don't let the sun catch you crying -- Don't' lose my number -- Don't stop -- Don't talk to strangers -- Don't worry, be happy -- Don't you want me -- Downtown -- Dreamer -- Drift away -- Early in the morning -- Easy -- Ebony and ivory -- Eddie my love -- 867-5309 ; Jenny -- Eli's comin' -- Endlessly -- Eres tu : Touch the wind -- Eve of destruction -- Every rose has its thorn -- Everybody loves somebody -- Rocky III Eye of the tiger -- Feel like makin' love -- Feels like the first time -- Fernando -- Fields of gold -- Fight for your right (to party) -- The first time ever I saw your face -- The fool on the hill -- (Now and then there's) a fool such as I -- Foolish beat -- Foolish heart -- Foolish little girl -- For your love -- Forever young -- Free fallin' -- Free ride -- Galveston -- Garden party -- Gentle on my mind -- Get ready -- Gimme some lovin' -- Give me just a little more time -- The Godfather (Love theme) -- Good thing -- Got to be there -- Got to get you into my life -- Greenback dollar -- Greenfields -- Guilty -- Guitar boogie shuffle -- Gypsy -- Happy birthday sweet sixteen -- Hard headed woman -- Harlem shuffle -- Have I told you lately that I love you -- Haven't got time for the pain -- He'll have to go -- Head over heels -- Heart of glass -- Heartache tonight -- Heartbreaker -- Heaven help us all -- Help! -- Help me make it through the night -- Here you come again -- Hey there lonely girl : Hey there lonely boy -- (Hey, won't you play) another somebody done somebody wrong song -- High hopes -- Higher ground -- Hill Street blues (Theme) -- Hold on loosely -- Holding back the years -- Honky cat -- Hot rod Lincoln -- How can I fall? -- How do you talk to an angel -- How sweet it is (to be loved by you) -- Hurdy gurdy man -- Hurt so bad -- I can see for miles -- I can't get next to you -- I can't stand it -- I didn't mean to turn you on -- Webber, Andrew Lloyd: Jesus Christ Superstar I don't know how to love him -- I don't want to wait -- I feel the earth move -- I guess that's why they call it the blues -- ('Til) I kissed you -- I like dreamin' -- I love a rainy night -- I say a little prayer -- I shot the sheriff -- I touch myself -- I want it that way -- I want to hold your hand -- I will always love you -- I will follow him : I will follow you : fra filmen : Sister act -- I wish you love -- I'll be home -- I'll be there for you -- I'll wait -- I'm a believer -- I'm in you -- I'm leaving it up to you -- I'm not in love -- I'm so excited -- I'm sorry -- I've gotta get a message to you -- Music in the air I've told ev'ry little star -- Ice ice baby -- If you go away -- Pretty Ink If you leave -- In my house -- In my room -- In your room -- Indian reservation -- Instant karma -- The Israelites -- It don't matter to me -- It was almost like a song -- It's almost tomorrow -- It's my turn It's my turn -- It's not unusual -- It's raining men -- It's the same old song -- It's too late -- Jazzman -- Jeremy -- Jet -- Jimmy Mack -- Judy in disguise (with glasses) -- Jump (for my love) -- Jump, jive an' wail -- Just dropped in (to see what condition my condition was in) -- Just once -- Just the two of us -- Just to see her -- Keep a-knockin' -- Keep on loving you -- Kiss and say goodbye -- Kisses sweeter than wine -- Kung fu fighting -- Lady Marmalade -- Land of confusion -- Le freak -- Leader of the band -- Leather and lace -- Legs -- Let 'em in -- Let it be -- Let it be me : Je t'appartiens -- Let the good times roll -- Let your love flow -- Let's go crazy -- Footloose Let's hear it for the boy -- Let's twist again -- Like a prayer -- Like a rock -- Little bit o' soul -- Little darlin' -- Little lies -- Little Willy -- Live to tell -- Lonely days -- Lonely ol' night -- Lonely teardrops -- Lonesome town -- Longfellow serenade -- Look in my eyes, pretty woman -- Urban cowboy Lookin' for love -- Lost in love -- Love grows (where my Rosemary goes) -- Love is a battlefield -- Love is all around -- Love is thicker than water -- Love me do -- The jazz singer Love on the rocks -- Love rollercoaster -- Love you inside out -- Love's grown deep -- Loving you -- Low rider -- MacArthur Park -- Magic carpet ride -- Make me lose control -- Making love out of nothing at all -- Mambo no. 5 : A little bit of - -- A man without love : Quando m'innamoro -- Mary in the morning -- Maybe baby -- Maybe I'm amazed -- Mercy, mercy me : The ecology -- Miami Vice (Theme) -- Midnight confessions -- Mississippi Queen -- Mr. Big Stuff -- Misunderstanding -- Mmm mmm mmm mmm -- Monday, Monday -- Money -- Moonlight feels right -- More today than yesterday -- Mr. Jones -- My empty arms -- My love / Lionel Richie -- My love / Paul McCartney -- My Maria -- My prayer -- My way -- Neither one of us (wants to be the first to say goodbye) -- Never gonna let you go -- Night -- The night Chicago died -- The night owls -- 1999 -- No matter what -- No no song -- No, not much! -- No rain -- Norman -- Nowhere man -- #9 dream -- Oh boy! -- Oh, oh I'm falling in love again -- On and on -- Once bitten twice shy -- 100 years -- One night -- Only love can break a heart -- Only yesterday -- Ooby-dooby -- The other woman -- Our day will come -- Our house -- Out of the blue -- Panama -- Paperback writer -- Paradise city -- Patches -- Peg -- Perfect world -- Pick up the pieces -- Pieces of April -- Pleasant Valley Sunday -- Please love me forever -- Please please me -- Poetry man -- Poor little fool -- Pretty little angel eyes -- Proud Mary -- Puppy love -- Purple rain -- The man who knew too much Que sera, sera : Whatever will be, will be -- Quiet village -- Ramblin' gamblin' man -- Ramblin' Rose -- Rapper's delight -- Reach out and touch (somebody's hand) -- Reach out, I'll be there -- Real love -- Reeling in the years -- Refugee -- Remember : Walking in the sand -- Reunited -- Rhythm of the night -- Ride like the wind -- Right back where we started from -- Rock and roll is here to stay -- Rock Island Line -- Rock'n me -- Rock on -- Rocket man : I think it's gonna be a long long time -- Roll with it -- Rosanna -- Roxanne -- Ruby baby -- Run around -- Run to you -- Running scared -- Sad movies (make me cry) -- Saturday night's alright (for fighting) -- The search is over -- See you in September -- Send one your love -- Sentimental lady -- Sexual healing -- Shake you down -- Shake your groove thing -- Shambala -- Share your love with me -- She blinded me with science -- She loves you -- She's not you -- (She's) sexy &amp; 17 -- Shot gun -- Should I stay or should I go -- Show must go on -- A sign of the times -- Sign your name -- Silhouette -- Sesame Street Sing -- (Seven little girls) sitting in the back -- Sky high -- Sloop John B</mx:subfield></mx:datafield><mx:datafield ind1="8" ind2=" " tag="505"><mx:subfield code="a">Indhold: Smiling faces sometimes -- Smoke gets in your eyes -- Smokin' in the boys room -- Snowbird -- So into you -- Some day (you'll want me to want you) -- An American tail Somewhere out there -- Son-of-a-preacher man -- Song sung blue -- Sorry seems to be the hardest word -- Soul limbo -- Southern Cross -- Southern nights -- Spanish eyes -- Spanish flea -- The Godfather Speak softly, love : Love theme -- Spiders and snakes -- Steppin' out -- Still -- Stuck in the middle with you -- Stupid Cupid -- Suffragette City -- Sukiyaki -- Summertime, summertime -- Sunny -- Surrender -- Sway : Quien Sera -- Sweet city woman -- Sweet home Alabama -- Sweet nothin's -- Sweet thing : Sweet thang -- Take a chance on me -- Take a letter, Maria -- Take me home, country roads -- Take on me -- Talk dirty to me -- Talkin' in your sleep / Roger Cook and Bobby Woods -- Talking in your sleep / Jimmy Marios ... [ et al.] -- The tears of a clown -- Tennessee Waltz -- The caddy That's amoré : That's love -- That's the way of the world -- There's a moon out tonight -- This land is your land -- Those were the days -- Thou shalt not steal -- Through the years -- Throwing it all away -- Ticket to ride -- Tijuana taxi -- Time : Clock of the heart -- Time after time -- Time is tight -- Timothy -- To know him is to love him -- Too much -- Total eclipse of the heart -- Town without pity Town without pity -- The tracks of my tears -- True blue -- Truly -- Tubthumping -- Tuff enuff -- Turn your love around -- Two divided by love -- Unchained Unchained melody -- Uncle Albert ; Admiral Halsey -- United we stand -- Video killed the radio star -- Walkin' after midnight -- Walking in Memphis -- The warrior -- Wasted on the way -- Waterloo -- 'Way down yonder in New Orleans -- The way you do the things you do -- The way you move -- We are the world -- We belong -- We're in this love together -- We're ready -- We've got tonight -- Wear my ring around your neck -- What about love? -- What have I done to deserve this? -- What in the world's come over you -- Whatever gets you through the night -- When doves cry -- When I need you -- When the children cry -- Where have all the flowers gone? -- Babes in arms Where or when -- Whip it -- Who can it be now? -- Who put the bomp (in the bomp ba bomp ba bomp) -- Why -- Will you love me tomorrow : Will you still love me tomorrow -- Wishing you were here -- With a little help from my friends -- With you I'm born again -- Wives and lovers Wives and lovers : Hey, little girl -- Woman, woman -- The wonder of you -- A wonderful time up there : Everybody's gonna have a wonderful time up there -- Wonderwall -- Wooden heart -- Words of love -- Wrap it up -- Yellow submarine -- Yester-me, yester-you, yesterday -- Y.M.C.A -- You are -- You belong to me -- You can't sit down -- You didn't have to be so nice -- You gotta be -- You haven't done nothin' -- You raise me up -- You're beautiful -- You're in my heart -- You're my everything -- You're only lonely -- Young turks</mx:subfield></mx:datafield><mx:datafield ind1=" " ind2="4" tag="655"><mx:subfield code="a">rock</mx:subfield><mx:subfield code="y">1900-1999</mx:subfield><mx:subfield code="y">1960-1969</mx:subfield><mx:subfield code="y">1970-1979</mx:subfield><mx:subfield code="y">1980-1989</mx:subfield><mx:subfield code="z">USA</mx:subfield><mx:subfield code="z">England</mx:subfield></mx:datafield><mx:datafield ind1=" " ind2="4" tag="655"><mx:subfield code="a">pop</mx:subfield><mx:subfield code="y">1900-1999</mx:subfield><mx:subfield code="y">1960-1969</mx:subfield><mx:subfield code="y">1970-1979</mx:subfield><mx:subfield code="y">1980-1989</mx:subfield><mx:subfield code="z">USA</mx:subfield><mx:subfield code="z">England</mx:subfield></mx:datafield><mx:datafield ind1=" " ind2="4" tag="655"><mx:subfield code="a">vokal</mx:subfield><mx:subfield code="y">1900-1999</mx:subfield><mx:subfield code="y">1960-1969</mx:subfield><mx:subfield code="y">1970-1979</mx:subfield><mx:subfield code="y">1980-1989</mx:subfield><mx:subfield code="z">USA</mx:subfield><mx:subfield code="z">England</mx:subfield></mx:datafield><mx:datafield ind1="1" ind2="2" tag="700"><mx:subfield code="a">Webber, Andrew Lloyd</mx:subfield><mx:subfield code="t">Jesus Christ Superstar I don't know how to love him</mx:subfield></mx:datafield><mx:datafield ind1="0" ind2=" " tag="740"><mx:subfield code="a">Rock pop fake book</mx:subfield></mx:datafield><mx:datafield ind1="0" ind2="2" tag="740"><mx:subfield code="a">Afternoon delight</mx:subfield></mx:datafield><mx:datafield ind1="0" ind2="2" tag="740"><mx:subfield code="a">Against the wind</mx:subfield></mx:datafield><mx:datafield ind1="0" ind2="2" tag="740"><mx:subfield code="a">Ain't no woman (like the one I've got)</mx:subfield></mx:datafield><mx:datafield ind1="0" ind2="2" tag="740"><mx:subfield code="a">All alone am I</mx:subfield></mx:datafield><mx:datafield ind1="0" ind2="2" tag="740"><mx:subfield code="a">All I wanna do</mx:subfield></mx:datafield><mx:datafield ind1="0" ind2="2" tag="740"><mx:subfield code="a">All my loving</mx:subfield></mx:datafield><mx:datafield ind1="0" ind2="2" tag="740"><mx:subfield code="a">All night long (all night)</mx:subfield></mx:datafield><mx:datafield ind1="0" ind2="2" tag="740"><mx:subfield code="a">All the young dudes</mx:subfield></mx:datafield><mx:datafield ind1="0" ind2="2" tag="740"><mx:subfield code="a">All through the night</mx:subfield></mx:datafield><mx:datafield ind1="0" ind2="2" tag="740"><mx:subfield code="a">Amanda</mx:subfield></mx:datafield><mx:datafield ind1="4" ind2="2" tag="740"><mx:subfield code="a">The jazz singer America</mx:subfield></mx:datafield><mx:datafield ind1="0" ind2="2" tag="740"><mx:subfield code="a">American pie</mx:subfield></mx:datafield><mx:datafield ind1="0" ind2="2" tag="740"><mx:subfield code="a">American woman</mx:subfield></mx:datafield><mx:datafield ind1="0" ind2="2" tag="740"><mx:subfield code="a">Angel baby</mx:subfield></mx:datafield><mx:datafield ind1="0" ind2="2" tag="740"><mx:subfield code="a">Annie's song</mx:subfield></mx:datafield><mx:datafield ind1="0" ind2="2" tag="740"><mx:subfield code="a">Anticipation</mx:subfield></mx:datafield><mx:datafield ind1="0" ind2="2" tag="740"><mx:subfield code="a">At my front door</mx:subfield></mx:datafield><mx:datafield ind1="0" ind2="2" tag="740"><mx:subfield code="a">Beverly Hills cop Axel F</mx:subfield></mx:datafield><mx:datafield ind1="0" ind2="2" tag="740"><mx:subfield code="a">Baby come back</mx:subfield></mx:datafield><mx:datafield ind1="0" ind2="2" tag="740"><mx:subfield code="a">Baby don't get hooked on me</mx:subfield></mx:datafield><mx:datafield ind1="0" ind2="2" tag="740"><mx:subfield code="a">Baby, I'm-a want you</mx:subfield></mx:datafield><mx:datafield ind1="0" ind2="2" tag="740"><mx:subfield code="a">Baby, it's you</mx:subfield></mx:datafield><mx:datafield ind1="0" ind2="2" tag="740"><mx:subfield code="a">Baby one more time</mx:subfield></mx:datafield><mx:datafield ind1="0" ind2="2" tag="740"><mx:subfield code="a">Bad blood</mx:subfield></mx:datafield><mx:datafield ind1="0" ind2="2" tag="740"><mx:subfield code="a">Bad day</mx:subfield></mx:datafield><mx:datafield ind1="0" ind2="2" tag="740"><mx:subfield code="a">Bad medicine</mx:subfield></mx:datafield><mx:datafield ind1="0" ind2="2" tag="740"><mx:subfield code="a">Baker Street</mx:subfield></mx:datafield><mx:datafield ind1="0" ind2="2" tag="740"><mx:subfield code="a">Band on the run</mx:subfield></mx:datafield><mx:datafield ind1="0" ind2="2" tag="740"><mx:subfield code="a">Batman Batdance</mx:subfield></mx:datafield><mx:datafield ind1="0" ind2="2" tag="740"><mx:subfield code="a">Be my baby</mx:subfield></mx:datafield><mx:datafield ind1="0" ind2="2" tag="740"><mx:subfield code="a">Beach baby</mx:subfield></mx:datafield><mx:datafield ind1="0" ind2="2" tag="740"><mx:subfield code="a">Beast of burden</mx:subfield></mx:datafield><mx:datafield ind1="0" ind2="2" tag="740"><mx:subfield code="a">Beautiful</mx:subfield></mx:datafield><mx:datafield ind1="0" ind2="2" tag="740"><mx:subfield code="a">(It's a) beautiful morning</mx:subfield></mx:datafield><mx:datafield ind1="0" ind2="2" tag="740"><mx:subfield code="a">Because of you</mx:subfield></mx:datafield><mx:datafield ind1="0" ind2="2" tag="740"><mx:subfield code="a">Believe what you say</mx:subfield></mx:datafield><mx:datafield ind1="0" ind2="2" tag="740"><mx:subfield code="a">Bennie and the Jets</mx:subfield></mx:datafield><mx:datafield ind1="0" ind2="2" tag="740"><mx:subfield code="a">Best thing that ever happened to me</mx:subfield></mx:datafield><mx:datafield ind1="0" ind2="2" tag="740"><mx:subfield code="a">Big girls don't cry</mx:subfield></mx:datafield><mx:datafield ind1="4" ind2="2" tag="740"><mx:subfield code="a">The big hurt</mx:subfield></mx:datafield><mx:datafield ind1="0" ind2="2" tag="740"><mx:subfield code="a">Bird dog</mx:subfield></mx:datafield><mx:datafield ind1="4" ind2="2" tag="740"><mx:subfield code="a">The birds and the bees</mx:subfield></mx:datafield><mx:datafield ind1="0" ind2="2" tag="740"><mx:subfield code="a">Bitch</mx:subfield></mx:datafield><mx:datafield ind1="0" ind2="2" tag="740"><mx:subfield code="a">Bits and pieces</mx:subfield></mx:datafield><mx:datafield ind1="0" ind2="2" tag="740"><mx:subfield code="a">Black denim trousers and motorcycle boots</mx:subfield></mx:datafield><mx:datafield ind1="0" ind2="2" tag="740"><mx:subfield code="a">Black hole sun</mx:subfield></mx:datafield><mx:datafield ind1="0" ind2="2" tag="740"><mx:subfield code="a">Blue on blue</mx:subfield></mx:datafield><mx:datafield ind1="0" ind2="2" tag="740"><mx:subfield code="a">Blue velvet</mx:subfield></mx:datafield><mx:datafield ind1="0" ind2="2" tag="740"><mx:subfield code="a">Bobby's girl</mx:subfield></mx:datafield><mx:datafield ind1="0" ind2="2" tag="740"><mx:subfield code="a">Bohemian rhapsody</mx:subfield></mx:datafield><mx:datafield ind1="0" ind2="2" tag="740"><mx:subfield code="a">Bony Moronie</mx:subfield></mx:datafield><mx:datafield ind1="0" ind2="2" tag="740"><mx:subfield code="a">Boogie fever</mx:subfield></mx:datafield><mx:datafield ind1="0" ind2="2" tag="740"><mx:subfield code="a">Boogie oogie oogie</mx:subfield></mx:datafield><mx:datafield ind1="0" ind2="2" tag="740"><mx:subfield code="a">Easy rider Born to be wild</mx:subfield></mx:datafield><mx:datafield ind1="0" ind2="2" tag="740"><mx:subfield code="a">Born too late</mx:subfield></mx:datafield><mx:datafield ind1="2" ind2="2" tag="740"><mx:subfield code="a">A boy named Sue</mx:subfield></mx:datafield><mx:datafield ind1="0" ind2="2" tag="740"><mx:subfield code="a">Bread and butter</mx:subfield></mx:datafield><mx:datafield ind1="4" ind2="2" tag="740"><mx:subfield code="a">The princess diaries 2 Breakaway : Royal engagement</mx:subfield></mx:datafield><mx:datafield ind1="0" ind2="2" tag="740"><mx:subfield code="a">Bristol stomp</mx:subfield></mx:datafield><mx:datafield ind1="0" ind2="2" tag="740"><mx:subfield code="a">Brother Louie</mx:subfield></mx:datafield><mx:datafield ind1="0" ind2="2" tag="740"><mx:subfield code="a">Brown eyed girl</mx:subfield></mx:datafield><mx:datafield ind1="0" ind2="2" tag="740"><mx:subfield code="a">Burning love</mx:subfield></mx:datafield><mx:datafield ind1="0" ind2="2" tag="740"><mx:subfield code="a">Busted</mx:subfield></mx:datafield><mx:datafield ind1="0" ind2="2" tag="740"><mx:subfield code="a">Butterfly</mx:subfield></mx:datafield><mx:datafield ind1="0" ind2="2" tag="740"><mx:subfield code="a">C'est la vie</mx:subfield></mx:datafield><mx:datafield ind1="0" ind2="2" tag="740"><mx:subfield code="a">American gigolo Call me</mx:subfield></mx:datafield><mx:datafield ind1="0" ind2="2" tag="740"><mx:subfield code="a">Can't smile without you</mx:subfield></mx:datafield><mx:datafield ind1="0" ind2="2" tag="740"><mx:subfield code="a">Candle in the wind</mx:subfield></mx:datafield><mx:datafield ind1="0" ind2="2" tag="740"><mx:subfield code="a">Willy Wonka and the chocolate factory The candy man</mx:subfield></mx:datafield><mx:datafield ind1="0" ind2="2" tag="740"><mx:subfield code="a">Car wash</mx:subfield></mx:datafield><mx:datafield ind1="0" ind2="2" tag="740"><mx:subfield code="a">Carrie</mx:subfield></mx:datafield><mx:datafield ind1="0" ind2="2" tag="740"><mx:subfield code="a">Cars</mx:subfield></mx:datafield><mx:datafield ind1="0" ind2="2" tag="740"><mx:subfield code="a">Catch a falling star</mx:subfield></mx:datafield><mx:datafield ind1="0" ind2="2" tag="740"><mx:subfield code="a">Chains</mx:subfield></mx:datafield><mx:datafield ind1="0" ind2="2" tag="740"><mx:subfield code="a">Chances are</mx:subfield></mx:datafield><mx:datafield ind1="0" ind2="2" tag="740"><mx:subfield code="a">Cinco Robles : Five oaks</mx:subfield></mx:datafield><mx:datafield ind1="0" ind2="2" tag="740"><mx:subfield code="a">Clocks</mx:subfield></mx:datafield><mx:datafield ind1="4" ind2="2" tag="740"><mx:subfield code="a">The closer you get</mx:subfield></mx:datafield><mx:datafield ind1="0" ind2="2" tag="740"><mx:subfield code="a">Cold as ice</mx:subfield></mx:datafield><mx:datafield ind1="0" ind2="2" tag="740"><mx:subfield code="a">Cold-hearted</mx:subfield></mx:datafield><mx:datafield ind1="0" ind2="2" tag="740"><mx:subfield code="a">Come and get it</mx:subfield></mx:datafield><mx:datafield ind1="0" ind2="2" tag="740"><mx:subfield code="a">Come as you are</mx:subfield></mx:datafield><mx:datafield ind1="0" ind2="2" tag="740"><mx:subfield code="a">Come back when you grow up</mx:subfield></mx:datafield><mx:datafield ind1="0" ind2="2" tag="740"><mx:subfield code="a">Come on Eileen</mx:subfield></mx:datafield><mx:datafield ind1="0" ind2="2" tag="740"><mx:subfield code="a">Come together</mx:subfield></mx:datafield><mx:datafield ind1="0" ind2="2" tag="740"><mx:subfield code="a">Complicated</mx:subfield></mx:datafield><mx:datafield ind1="0" ind2="2" tag="740"><mx:subfield code="a">Corrine Corrina</mx:subfield></mx:datafield><mx:datafield ind1="0" ind2="2" tag="740"><mx:subfield code="a">Cover girl</mx:subfield></mx:datafield><mx:datafield ind1="0" ind2="2" tag="740"><mx:subfield code="a">Coward of the county</mx:subfield></mx:datafield><mx:datafield ind1="0" ind2="2" tag="740"><mx:subfield code="a">Cracklin' Rosie</mx:subfield></mx:datafield><mx:datafield ind1="0" ind2="2" tag="740"><mx:subfield code="a">Cradle of love</mx:subfield></mx:datafield><mx:datafield ind1="0" ind2="2" tag="740"><mx:subfield code="a">Creeque Alley</mx:subfield></mx:datafield><mx:datafield ind1="0" ind2="2" tag="740"><mx:subfield code="a">Cry like a baby</mx:subfield></mx:datafield><mx:datafield ind1="0" ind2="2" tag="740"><mx:subfield code="a">Cuts like a knife</mx:subfield></mx:datafield><mx:datafield ind1="0" ind2="2" tag="740"><mx:subfield code="a">Cycles</mx:subfield></mx:datafield><mx:datafield ind1="0" ind2="2" tag="740"><mx:subfield code="a">Dance with me</mx:subfield></mx:datafield><mx:datafield ind1="0" ind2="2" tag="740"><mx:subfield code="a">Dancing with myself</mx:subfield></mx:datafield><mx:datafield ind1="0" ind2="2" tag="740"><mx:subfield code="a">Daniel</mx:subfield></mx:datafield><mx:datafield ind1="0" ind2="2" tag="740"><mx:subfield code="a">Darling, be home soon</mx:subfield></mx:datafield><mx:datafield ind1="0" ind2="2" tag="740"><mx:subfield code="a">Daydream believer</mx:subfield></mx:datafield><mx:datafield ind1="0" ind2="2" tag="740"><mx:subfield code="a">De do do do, de da da da</mx:subfield></mx:datafield><mx:datafield ind1="0" ind2="2" tag="740"><mx:subfield code="a">Deja vu</mx:subfield></mx:datafield><mx:datafield ind1="0" ind2="2" tag="740"><mx:subfield code="a">Detroit City</mx:subfield></mx:datafield><mx:datafield ind1="0" ind2="2" tag="740"><mx:subfield code="a">Diana</mx:subfield></mx:datafield><mx:datafield ind1="0" ind2="2" tag="740"><mx:subfield code="a">Do you know what I mean</mx:subfield></mx:datafield><mx:datafield ind1="0" ind2="2" tag="740"><mx:subfield code="a">Mahogany Do you know where you're going to?</mx:subfield></mx:datafield><mx:datafield ind1="0" ind2="2" tag="740"><mx:subfield code="a">Do you really want to hurt me</mx:subfield></mx:datafield><mx:datafield ind1="0" ind2="2" tag="740"><mx:subfield code="a">Do you wanna make love</mx:subfield></mx:datafield><mx:datafield ind1="0" ind2="2" tag="740"><mx:subfield code="a">Doctor! Doctor!</mx:subfield></mx:datafield><mx:datafield ind1="0" ind2="2" tag="740"><mx:subfield code="a">Don't</mx:subfield></mx:datafield><mx:datafield ind1="0" ind2="2" tag="740"><mx:subfield code="a">Don't give up on us</mx:subfield></mx:datafield><mx:datafield ind1="0" ind2="2" tag="740"><mx:subfield code="a">Don't know why</mx:subfield></mx:datafield><mx:datafield ind1="0" ind2="2" tag="740"><mx:subfield code="a">Don't let the sun catch you crying</mx:subfield></mx:datafield><mx:datafield ind1="0" ind2="2" tag="740"><mx:subfield code="a">Don't' lose my number</mx:subfield></mx:datafield><mx:datafield ind1="0" ind2="2" tag="740"><mx:subfield code="a">Don't stop</mx:subfield></mx:datafield><mx:datafield ind1="0" ind2="2" tag="740"><mx:subfield code="a">Don't talk to strangers</mx:subfield></mx:datafield><mx:datafield ind1="0" ind2="2" tag="740"><mx:subfield code="a">Don't worry, be happy</mx:subfield></mx:datafield><mx:datafield ind1="0" ind2="2" tag="740"><mx:subfield code="a">Don't you want me</mx:subfield></mx:datafield><mx:datafield ind1="0" ind2="2" tag="740"><mx:subfield code="a">Downtown</mx:subfield></mx:datafield><mx:datafield ind1="0" ind2="2" tag="740"><mx:subfield code="a">Dreamer</mx:subfield></mx:datafield><mx:datafield ind1="0" ind2="2" tag="740"><mx:subfield code="a">Drift away</mx:subfield></mx:datafield><mx:datafield ind1="0" ind2="2" tag="740"><mx:subfield code="a">Early in the morning</mx:subfield></mx:datafield><mx:datafield ind1="0" ind2="2" tag="740"><mx:subfield code="a">Easy</mx:subfield></mx:datafield><mx:datafield ind1="0" ind2="2" tag="740"><mx:subfield code="a">Ebony and ivory</mx:subfield></mx:datafield><mx:datafield ind1="0" ind2="2" tag="740"><mx:subfield code="a">Eddie my love</mx:subfield></mx:datafield><mx:datafield ind1="0" ind2="2" tag="740"><mx:subfield code="a">867-5309</mx:subfield></mx:datafield><mx:datafield ind1="0" ind2="2" tag="740"><mx:subfield code="a">Jenny</mx:subfield></mx:datafield><mx:datafield ind1="0" ind2="2" tag="740"><mx:subfield code="a">Eli's comin'</mx:subfield></mx:datafield><mx:datafield ind1="0" ind2="2" tag="740"><mx:subfield code="a">Endlessly</mx:subfield></mx:datafield><mx:datafield ind1="0" ind2="2" tag="740"><mx:subfield code="a">Eres tu : Touch the wind</mx:subfield></mx:datafield><mx:datafield ind1="0" ind2="2" tag="740"><mx:subfield code="a">Eve of destruction</mx:subfield></mx:datafield><mx:datafield ind1="0" ind2="2" tag="740"><mx:subfield code="a">Every rose has its thorn</mx:subfield></mx:datafield><mx:datafield ind1="0" ind2="2" tag="740"><mx:subfield code="a">Everybody loves somebody</mx:subfield></mx:datafield><mx:datafield ind1="0" ind2="2" tag="740"><mx:subfield code="a">Rocky III Eye of the tiger</mx:subfield></mx:datafield><mx:datafield ind1="0" ind2="2" tag="740"><mx:subfield code="a">Feel like makin' love</mx:subfield></mx:datafield><mx:datafield ind1="0" ind2="2" tag="740"><mx:subfield code="a">Feels like the first time</mx:subfield></mx:datafield><mx:datafield ind1="0" ind2="2" tag="740"><mx:subfield code="a">Fernando</mx:subfield></mx:datafield><mx:datafield ind1="0" ind2="2" tag="740"><mx:subfield code="a">Fields of gold</mx:subfield></mx:datafield><mx:datafield ind1="0" ind2="2" tag="740"><mx:subfield code="a">Fight for your right (to party)</mx:subfield></mx:datafield><mx:datafield ind1="4" ind2="2" tag="740"><mx:subfield code="a">The first time ever I saw your face</mx:subfield></mx:datafield><mx:datafield ind1="4" ind2="2" tag="740"><mx:subfield code="a">The fool on the hill</mx:subfield></mx:datafield><mx:datafield ind1="0" ind2="2" tag="740"><mx:subfield code="a">(Now and then there's) a fool such as I</mx:subfield></mx:datafield><mx:datafield ind1="0" ind2="2" tag="740"><mx:subfield code="a">Foolish beat</mx:subfield></mx:datafield><mx:datafield ind1="0" ind2="2" tag="740"><mx:subfield code="a">Foolish heart</mx:subfield></mx:datafield><mx:datafield ind1="0" ind2="2" tag="740"><mx:subfield code="a">Foolish little girl</mx:subfield></mx:datafield><mx:datafield ind1="0" ind2="2" tag="740"><mx:subfield code="a">For your love</mx:subfield></mx:datafield><mx:datafield ind1="0" ind2="2" tag="740"><mx:subfield code="a">Forever young</mx:subfield></mx:datafield><mx:datafield ind1="0" ind2="2" tag="740"><mx:subfield code="a">Free fallin'</mx:subfield></mx:datafield><mx:datafield ind1="0" ind2="2" tag="740"><mx:subfield code="a">Free ride</mx:subfield></mx:datafield><mx:datafield ind1="0" ind2="2" tag="740"><mx:subfield code="a">Galveston</mx:subfield></mx:datafield><mx:datafield ind1="0" ind2="2" tag="740"><mx:subfield code="a">Garden party</mx:subfield></mx:datafield><mx:datafield ind1="0" ind2="2" tag="740"><mx:subfield code="a">Gentle on my mind</mx:subfield></mx:datafield><mx:datafield ind1="0" ind2="2" tag="740"><mx:subfield code="a">Get ready</mx:subfield></mx:datafield><mx:datafield ind1="0" ind2="2" tag="740"><mx:subfield code="a">Gimme some lovin'</mx:subfield></mx:datafield><mx:datafield ind1="0" ind2="2" tag="740"><mx:subfield code="a">Give me just a little more time</mx:subfield></mx:datafield><mx:datafield ind1="4" ind2="2" tag="740"><mx:subfield code="a">The Godfather (Love theme)</mx:subfield></mx:datafield><mx:datafield ind1="0" ind2="2" tag="740"><mx:subfield code="a">Good thing</mx:subfield></mx:datafield><mx:datafield ind1="0" ind2="2" tag="740"><mx:subfield code="a">Got to be there</mx:subfield></mx:datafield><mx:datafield ind1="0" ind2="2" tag="740"><mx:subfield code="a">Got to get you into my life</mx:subfield></mx:datafield><mx:datafield ind1="0" ind2="2" tag="740"><mx:subfield code="a">Greenback dollar</mx:subfield></mx:datafield><mx:datafield ind1="0" ind2="2" tag="740"><mx:subfield code="a">Greenfields</mx:subfield></mx:datafield><mx:datafield ind1="0" ind2="2" tag="740"><mx:subfield code="a">Guilty</mx:subfield></mx:datafield><mx:datafield ind1="0" ind2="2" tag="740"><mx:subfield code="a">Guitar boogie shuffle</mx:subfield></mx:datafield><mx:datafield ind1="0" ind2="2" tag="740"><mx:subfield code="a">Gypsy</mx:subfield></mx:datafield><mx:datafield ind1="0" ind2="2" tag="740"><mx:subfield code="a">Happy birthday sweet sixteen</mx:subfield></mx:datafield><mx:datafield ind1="0" ind2="2" tag="740"><mx:subfield code="a">Hard headed woman</mx:subfield></mx:datafield><mx:datafield ind1="0" ind2="2" tag="740"><mx:subfield code="a">Harlem shuffle</mx:subfield></mx:datafield><mx:datafield ind1="0" ind2="2" tag="740"><mx:subfield code="a">Have I told you lately that I love you</mx:subfield></mx:datafield><mx:datafield ind1="0" ind2="2" tag="740"><mx:subfield code="a">Haven't got time for the pain</mx:subfield></mx:datafield><mx:datafield ind1="0" ind2="2" tag="740"><mx:subfield code="a">He'll have to go</mx:subfield></mx:datafield><mx:datafield ind1="0" ind2="2" tag="740"><mx:subfield code="a">Head over heels</mx:subfield></mx:datafield><mx:datafield ind1="0" ind2="2" tag="740"><mx:subfield code="a">Heart of glass</mx:subfield></mx:datafield><mx:datafield ind1="0" ind2="2" tag="740"><mx:subfield code="a">Heartache tonight</mx:subfield></mx:datafield><mx:datafield ind1="0" ind2="2" tag="740"><mx:subfield code="a">Heartbreaker</mx:subfield></mx:datafield><mx:datafield ind1="0" ind2="2" tag="740"><mx:subfield code="a">Heaven help us all</mx:subfield></mx:datafield><mx:datafield ind1="0" ind2="2" tag="740"><mx:subfield code="a">Help!</mx:subfield></mx:datafield><mx:datafield ind1="0" ind2="2" tag="740"><mx:subfield code="a">Help me make it through the night</mx:subfield></mx:datafield><mx:datafield ind1="0" ind2="2" tag="740"><mx:subfield code="a">Here you come again</mx:subfield></mx:datafield><mx:datafield ind1="0" ind2="2" tag="740"><mx:subfield code="a">Hey there lonely girl : Hey there lonely boy</mx:subfield></mx:datafield><mx:datafield ind1="0" ind2="2" tag="740"><mx:subfield code="a">(Hey, won't you play) another somebody done somebody wrong song</mx:subfield></mx:datafield><mx:datafield ind1="0" ind2="2" tag="740"><mx:subfield code="a">High hopes</mx:subfield></mx:datafield><mx:datafield ind1="0" ind2="2" tag="740"><mx:subfield code="a">Higher ground</mx:subfield></mx:datafield><mx:datafield ind1="0" ind2="2" tag="740"><mx:subfield code="a">Hill Street blues (Theme)</mx:subfield></mx:datafield><mx:datafield ind1="0" ind2="2" tag="740"><mx:subfield code="a">Hold on loosely</mx:subfield></mx:datafield><mx:datafield ind1="0" ind2="2" tag="740"><mx:subfield code="a">Holding back the years</mx:subfield></mx:datafield><mx:datafield ind1="0" ind2="2" tag="740"><mx:subfield code="a">Honky cat</mx:subfield></mx:datafield><mx:datafield ind1="0" ind2="2" tag="740"><mx:subfield code="a">Hot rod Lincoln</mx:subfield></mx:datafield><mx:datafield ind1="0" ind2="2" tag="740"><mx:subfield code="a">How can I fall?</mx:subfield></mx:datafield><mx:datafield ind1="0" ind2="2" tag="740"><mx:subfield code="a">How do you talk to an angel</mx:subfield></mx:datafield><mx:datafield ind1="0" ind2="2" tag="740"><mx:subfield code="a">How sweet it is (to be loved by you)</mx:subfield></mx:datafield><mx:datafield ind1="0" ind2="2" tag="740"><mx:subfield code="a">Hurdy gurdy man</mx:subfield></mx:datafield><mx:datafield ind1="0" ind2="2" tag="740"><mx:subfield code="a">Hurt so bad</mx:subfield></mx:datafield><mx:datafield ind1="0" ind2="2" tag="740"><mx:subfield code="a">I can see for miles</mx:subfield></mx:datafield><mx:datafield ind1="0" ind2="2" tag="740"><mx:subfield code="a">I can't get next to you</mx:subfield></mx:datafield><mx:datafield ind1="0" ind2="2" tag="740"><mx:subfield code="a">I can't stand it</mx:subfield></mx:datafield><mx:datafield ind1="0" ind2="2" tag="740"><mx:subfield code="a">I didn't mean to turn you on</mx:subfield></mx:datafield><mx:datafield ind1="0" ind2="2" tag="740"><mx:subfield code="a">I don't want to wait</mx:subfield></mx:datafield><mx:datafield ind1="0" ind2="2" tag="740"><mx:subfield code="a">I feel the earth move</mx:subfield></mx:datafield><mx:datafield ind1="0" ind2="2" tag="740"><mx:subfield code="a">I guess that's why they call it the blues</mx:subfield></mx:datafield><mx:datafield ind1="0" ind2="2" tag="740"><mx:subfield code="a">('Til) I kissed you</mx:subfield></mx:datafield><mx:datafield ind1="0" ind2="2" tag="740"><mx:subfield code="a">I like dreamin'</mx:subfield></mx:datafield><mx:datafield ind1="0" ind2="2" tag="740"><mx:subfield code="a">I love a rainy night</mx:subfield></mx:datafield><mx:datafield ind1="0" ind2="2" tag="740"><mx:subfield code="a">I say a little prayer</mx:subfield></mx:datafield><mx:datafield ind1="0" ind2="2" tag="740"><mx:subfield code="a">I shot the sheriff</mx:subfield></mx:datafield><mx:datafield ind1="0" ind2="2" tag="740"><mx:subfield code="a">I touch myself</mx:subfield></mx:datafield><mx:datafield ind1="0" ind2="2" tag="740"><mx:subfield code="a">I want it that way</mx:subfield></mx:datafield><mx:datafield ind1="0" ind2="2" tag="740"><mx:subfield code="a">I want to hold your hand</mx:subfield></mx:datafield><mx:datafield ind1="0" ind2="2" tag="740"><mx:subfield code="a">I will always love you</mx:subfield></mx:datafield><mx:datafield ind1="0" ind2="2" tag="740"><mx:subfield code="a">I will follow him : I will follow you : fra filmen : Sister act</mx:subfield></mx:datafield><mx:datafield ind1="0" ind2="2" tag="740"><mx:subfield code="a">I wish you love</mx:subfield></mx:datafield><mx:datafield ind1="0" ind2="2" tag="740"><mx:subfield code="a">I'll be home</mx:subfield></mx:datafield><mx:datafield ind1="0" ind2="2" tag="740"><mx:subfield code="a">I'll be there for you</mx:subfield></mx:datafield><mx:datafield ind1="0" ind2="2" tag="740"><mx:subfield code="a">I'll wait</mx:subfield></mx:datafield><mx:datafield ind1="0" ind2="2" tag="740"><mx:subfield code="a">I'm a believer</mx:subfield></mx:datafield><mx:datafield ind1="0" ind2="2" tag="740"><mx:subfield code="a">I'm in you</mx:subfield></mx:datafield><mx:datafield ind1="0" ind2="2" tag="740"><mx:subfield code="a">I'm leaving it up to you</mx:subfield></mx:datafield><mx:datafield ind1="0" ind2="2" tag="740"><mx:subfield code="a">I'm not in love</mx:subfield></mx:datafield><mx:datafield ind1="0" ind2="2" tag="740"><mx:subfield code="a">I'm so excited</mx:subfield></mx:datafield><mx:datafield ind1="0" ind2="2" tag="740"><mx:subfield code="a">I'm sorry</mx:subfield></mx:datafield><mx:datafield ind1="0" ind2="2" tag="740"><mx:subfield code="a">I've gotta get a message to you</mx:subfield></mx:datafield><mx:datafield ind1="0" ind2="2" tag="740"><mx:subfield code="a">Music in the air I've told ev'ry little star</mx:subfield></mx:datafield><mx:datafield ind1="0" ind2="2" tag="740"><mx:subfield code="a">Ice ice baby</mx:subfield></mx:datafield><mx:datafield ind1="0" ind2="2" tag="740"><mx:subfield code="a">If you go away</mx:subfield></mx:datafield><mx:datafield ind1="0" ind2="2" tag="740"><mx:subfield code="a">Pretty Ink If you leave</mx:subfield></mx:datafield><mx:datafield ind1="0" ind2="2" tag="740"><mx:subfield code="a">In my house</mx:subfield></mx:datafield><mx:datafield ind1="0" ind2="2" tag="740"><mx:subfield code="a">In my room</mx:subfield></mx:datafield><mx:datafield ind1="0" ind2="2" tag="740"><mx:subfield code="a">In your room</mx:subfield></mx:datafield><mx:datafield ind1="0" ind2="2" tag="740"><mx:subfield code="a">Indian reservation</mx:subfield></mx:datafield><mx:datafield ind1="0" ind2="2" tag="740"><mx:subfield code="a">Instant karma</mx:subfield></mx:datafield><mx:datafield ind1="4" ind2="2" tag="740"><mx:subfield code="a">The Israelites</mx:subfield></mx:datafield><mx:datafield ind1="0" ind2="2" tag="740"><mx:subfield code="a">It don't matter to me</mx:subfield></mx:datafield><mx:datafield ind1="0" ind2="2" tag="740"><mx:subfield code="a">It was almost like a song</mx:subfield></mx:datafield><mx:datafield ind1="0" ind2="2" tag="740"><mx:subfield code="a">It's almost tomorrow</mx:subfield></mx:datafield><mx:datafield ind1="0" ind2="2" tag="740"><mx:subfield code="a">It's my turn It's my turn</mx:subfield></mx:datafield><mx:datafield ind1="0" ind2="2" tag="740"><mx:subfield code="a">It's not unusual</mx:subfield></mx:datafield><mx:datafield ind1="0" ind2="2" tag="740"><mx:subfield code="a">It's raining men</mx:subfield></mx:datafield><mx:datafield ind1="0" ind2="2" tag="740"><mx:subfield code="a">It's the same old song</mx:subfield></mx:datafield><mx:datafield ind1="0" ind2="2" tag="740"><mx:subfield code="a">It's too late</mx:subfield></mx:datafield><mx:datafield ind1="0" ind2="2" tag="740"><mx:subfield code="a">Jazzman</mx:subfield></mx:datafield><mx:datafield ind1="0" ind2="2" tag="740"><mx:subfield code="a">Jeremy</mx:subfield></mx:datafield><mx:datafield ind1="0" ind2="2" tag="740"><mx:subfield code="a">Jet</mx:subfield></mx:datafield><mx:datafield ind1="0" ind2="2" tag="740"><mx:subfield code="a">Jimmy Mack</mx:subfield></mx:datafield><mx:datafield ind1="0" ind2="2" tag="740"><mx:subfield code="a">Judy in disguise (with glasses)</mx:subfield></mx:datafield><mx:datafield ind1="0" ind2="2" tag="740"><mx:subfield code="a">Jump (for my love)</mx:subfield></mx:datafield><mx:datafield ind1="0" ind2="2" tag="740"><mx:subfield code="a">Jump, jive an' wail</mx:subfield></mx:datafield><mx:datafield ind1="0" ind2="2" tag="740"><mx:subfield code="a">Just dropped in (to see what condition my condition was in)</mx:subfield></mx:datafield><mx:datafield ind1="0" ind2="2" tag="740"><mx:subfield code="a">Just once</mx:subfield></mx:datafield><mx:datafield ind1="0" ind2="2" tag="740"><mx:subfield code="a">Just the two of us</mx:subfield></mx:datafield><mx:datafield ind1="0" ind2="2" tag="740"><mx:subfield code="a">Just to see her</mx:subfield></mx:datafield><mx:datafield ind1="0" ind2="2" tag="740"><mx:subfield code="a">Keep a-knockin'</mx:subfield></mx:datafield><mx:datafield ind1="0" ind2="2" tag="740"><mx:subfield code="a">Keep on loving you</mx:subfield></mx:datafield><mx:datafield ind1="0" ind2="2" tag="740"><mx:subfield code="a">Kiss and say goodbye</mx:subfield></mx:datafield><mx:datafield ind1="0" ind2="2" tag="740"><mx:subfield code="a">Kisses sweeter than wine</mx:subfield></mx:datafield><mx:datafield ind1="0" ind2="2" tag="740"><mx:subfield code="a">Kung fu fighting</mx:subfield></mx:datafield><mx:datafield ind1="0" ind2="2" tag="740"><mx:subfield code="a">Lady Marmalade</mx:subfield></mx:datafield><mx:datafield ind1="0" ind2="2" tag="740"><mx:subfield code="a">Land of confusion</mx:subfield></mx:datafield><mx:datafield ind1="3" ind2="2" tag="740"><mx:subfield code="a">Le freak</mx:subfield></mx:datafield><mx:datafield ind1="0" ind2="2" tag="740"><mx:subfield code="a">Leader of the band</mx:subfield></mx:datafield><mx:datafield ind1="0" ind2="2" tag="740"><mx:subfield code="a">Leather and lace</mx:subfield></mx:datafield><mx:datafield ind1="0" ind2="2" tag="740"><mx:subfield code="a">Legs</mx:subfield></mx:datafield><mx:datafield ind1="0" ind2="2" tag="740"><mx:subfield code="a">Let 'em in</mx:subfield></mx:datafield><mx:datafield ind1="0" ind2="2" tag="740"><mx:subfield code="a">Let it be</mx:subfield></mx:datafield><mx:datafield ind1="0" ind2="2" tag="740"><mx:subfield code="a">Let it be me : Je t'appartiens</mx:subfield></mx:datafield><mx:datafield ind1="0" ind2="2" tag="740"><mx:subfield code="a">Let the good times roll</mx:subfield></mx:datafield><mx:datafield ind1="0" ind2="2" tag="740"><mx:subfield code="a">Let your love flow</mx:subfield></mx:datafield><mx:datafield ind1="0" ind2="2" tag="740"><mx:subfield code="a">Let's go crazy</mx:subfield></mx:datafield><mx:datafield ind1="0" ind2="2" tag="740"><mx:subfield code="a">Footloose Let's hear it for the boy</mx:subfield></mx:datafield><mx:datafield ind1="0" ind2="2" tag="740"><mx:subfield code="a">Let's twist again</mx:subfield></mx:datafield><mx:datafield ind1="0" ind2="2" tag="740"><mx:subfield code="a">Like a prayer</mx:subfield></mx:datafield><mx:datafield ind1="0" ind2="2" tag="740"><mx:subfield code="a">Like a rock</mx:subfield></mx:datafield><mx:datafield ind1="0" ind2="2" tag="740"><mx:subfield code="a">Little bit o' soul</mx:subfield></mx:datafield><mx:datafield ind1="0" ind2="2" tag="740"><mx:subfield code="a">Little darlin'</mx:subfield></mx:datafield><mx:datafield ind1="0" ind2="2" tag="740"><mx:subfield code="a">Little lies</mx:subfield></mx:datafield><mx:datafield ind1="0" ind2="2" tag="740"><mx:subfield code="a">Little Willy</mx:subfield></mx:datafield><mx:datafield ind1="0" ind2="2" tag="740"><mx:subfield code="a">Live to tell</mx:subfield></mx:datafield><mx:datafield ind1="0" ind2="2" tag="740"><mx:subfield code="a">Lonely days</mx:subfield></mx:datafield><mx:datafield ind1="0" ind2="2" tag="740"><mx:subfield code="a">Lonely ol' night</mx:subfield></mx:datafield><mx:datafield ind1="0" ind2="2" tag="740"><mx:subfield code="a">Lonely teardrops</mx:subfield></mx:datafield><mx:datafield ind1="0" ind2="2" tag="740"><mx:subfield code="a">Lonesome town</mx:subfield></mx:datafield><mx:datafield ind1="0" ind2="2" tag="740"><mx:subfield code="a">Longfellow serenade</mx:subfield></mx:datafield><mx:datafield ind1="0" ind2="2" tag="740"><mx:subfield code="a">Look in my eyes, pretty woman</mx:subfield></mx:datafield><mx:datafield ind1="0" ind2="2" tag="740"><mx:subfield code="a">Urban cowboy Lookin' for love</mx:subfield></mx:datafield><mx:datafield ind1="0" ind2="2" tag="740"><mx:subfield code="a">Lost in love</mx:subfield></mx:datafield><mx:datafield ind1="0" ind2="2" tag="740"><mx:subfield code="a">Love grows (where my Rosemary goes)</mx:subfield></mx:datafield><mx:datafield ind1="0" ind2="2" tag="740"><mx:subfield code="a">Love is a battlefield</mx:subfield></mx:datafield><mx:datafield ind1="0" ind2="2" tag="740"><mx:subfield code="a">Love is all around</mx:subfield></mx:datafield><mx:datafield ind1="0" ind2="2" tag="740"><mx:subfield code="a">Love is thicker than water</mx:subfield></mx:datafield><mx:datafield ind1="0" ind2="2" tag="740"><mx:subfield code="a">Love me do</mx:subfield></mx:datafield><mx:datafield ind1="4" ind2="2" tag="740"><mx:subfield code="a">The jazz singer Love on the rocks</mx:subfield></mx:datafield><mx:datafield ind1="0" ind2="2" tag="740"><mx:subfield code="a">Love rollercoaster</mx:subfield></mx:datafield><mx:datafield ind1="0" ind2="2" tag="740"><mx:subfield code="a">Love you inside out</mx:subfield></mx:datafield><mx:datafield ind1="0" ind2="2" tag="740"><mx:subfield code="a">Love's grown deep</mx:subfield></mx:datafield><mx:datafield ind1="0" ind2="2" tag="740"><mx:subfield code="a">Loving you</mx:subfield></mx:datafield><mx:datafield ind1="0" ind2="2" tag="740"><mx:subfield code="a">Low rider</mx:subfield></mx:datafield><mx:datafield ind1="0" ind2="2" tag="740"><mx:subfield code="a">MacArthur Park</mx:subfield></mx:datafield><mx:datafield ind1="0" ind2="2" tag="740"><mx:subfield code="a">Magic carpet ride</mx:subfield></mx:datafield><mx:datafield ind1="0" ind2="2" tag="740"><mx:subfield code="a">Make me lose control</mx:subfield></mx:datafield><mx:datafield ind1="0" ind2="2" tag="740"><mx:subfield code="a">Making love out of nothing at all</mx:subfield></mx:datafield><mx:datafield ind1="0" ind2="2" tag="740"><mx:subfield code="a">Mambo no. 5 : A little bit of -</mx:subfield></mx:datafield><mx:datafield ind1="2" ind2="2" tag="740"><mx:subfield code="a">A man without love : Quando m'innamoro</mx:subfield></mx:datafield><mx:datafield ind1="0" ind2="2" tag="740"><mx:subfield code="a">Mary in the morning</mx:subfield></mx:datafield><mx:datafield ind1="0" ind2="2" tag="740"><mx:subfield code="a">Maybe baby</mx:subfield></mx:datafield><mx:datafield ind1="0" ind2="2" tag="740"><mx:subfield code="a">Maybe I'm amazed</mx:subfield></mx:datafield><mx:datafield ind1="0" ind2="2" tag="740"><mx:subfield code="a">Mercy, mercy me : The ecology</mx:subfield></mx:datafield><mx:datafield ind1="0" ind2="2" tag="740"><mx:subfield code="a">Miami Vice (Theme)</mx:subfield></mx:datafield><mx:datafield ind1="0" ind2="2" tag="740"><mx:subfield code="a">Midnight confessions</mx:subfield></mx:datafield><mx:datafield ind1="0" ind2="2" tag="740"><mx:subfield code="a">Mississippi Queen</mx:subfield></mx:datafield><mx:datafield ind1="0" ind2="2" tag="740"><mx:subfield code="a">Mr. Big Stuff</mx:subfield></mx:datafield><mx:datafield ind1="0" ind2="2" tag="740"><mx:subfield code="a">Misunderstanding</mx:subfield></mx:datafield><mx:datafield ind1="0" ind2="2" tag="740"><mx:subfield code="a">Mmm mmm mmm mmm</mx:subfield></mx:datafield><mx:datafield ind1="0" ind2="2" tag="740"><mx:subfield code="a">Monday, Monday</mx:subfield></mx:datafield><mx:datafield ind1="0" ind2="2" tag="740"><mx:subfield code="a">Money</mx:subfield></mx:datafield><mx:datafield ind1="0" ind2="2" tag="740"><mx:subfield code="a">Moonlight feels right</mx:subfield></mx:datafield><mx:datafield ind1="0" ind2="2" tag="740"><mx:subfield code="a">More today than yesterday</mx:subfield></mx:datafield><mx:datafield ind1="0" ind2="2" tag="740"><mx:subfield code="a">Mr. Jones</mx:subfield></mx:datafield><mx:datafield ind1="0" ind2="2" tag="740"><mx:subfield code="a">My empty arms</mx:subfield></mx:datafield><mx:datafield ind1="0" ind2="2" tag="740"><mx:subfield code="a">My love / Lionel Richie</mx:subfield></mx:datafield><mx:datafield ind1="0" ind2="2" tag="740"><mx:subfield code="a">My love / Paul McCartney</mx:subfield></mx:datafield><mx:datafield ind1="0" ind2="2" tag="740"><mx:subfield code="a">My Maria</mx:subfield></mx:datafield><mx:datafield ind1="0" ind2="2" tag="740"><mx:subfield code="a">My prayer</mx:subfield></mx:datafield><mx:datafield ind1="0" ind2="2" tag="740"><mx:subfield code="a">My way</mx:subfield></mx:datafield><mx:datafield ind1="0" ind2="2" tag="740"><mx:subfield code="a">Neither one of us (wants to be the first to say goodbye)</mx:subfield></mx:datafield><mx:datafield ind1="0" ind2="2" tag="740"><mx:subfield code="a">Never gonna let you go</mx:subfield></mx:datafield><mx:datafield ind1="0" ind2="2" tag="740"><mx:subfield code="a">Night</mx:subfield></mx:datafield><mx:datafield ind1="4" ind2="2" tag="740"><mx:subfield code="a">The night Chicago died</mx:subfield></mx:datafield><mx:datafield ind1="4" ind2="2" tag="740"><mx:subfield code="a">The night owls</mx:subfield></mx:datafield><mx:datafield ind1="0" ind2="2" tag="740"><mx:subfield code="a">1999</mx:subfield></mx:datafield><mx:datafield ind1="0" ind2="2" tag="740"><mx:subfield code="a">No matter what</mx:subfield></mx:datafield><mx:datafield ind1="0" ind2="2" tag="740"><mx:subfield code="a">No no song</mx:subfield></mx:datafield><mx:datafield ind1="0" ind2="2" tag="740"><mx:subfield code="a">No, not much!</mx:subfield></mx:datafield><mx:datafield ind1="0" ind2="2" tag="740"><mx:subfield code="a">No rain</mx:subfield></mx:datafield><mx:datafield ind1="0" ind2="2" tag="740"><mx:subfield code="a">Norman</mx:subfield></mx:datafield><mx:datafield ind1="0" ind2="2" tag="740"><mx:subfield code="a">Nowhere man</mx:subfield></mx:datafield><mx:datafield ind1="0" ind2="2" tag="740"><mx:subfield code="a">#9 dream</mx:subfield></mx:datafield><mx:datafield ind1="0" ind2="2" tag="740"><mx:subfield code="a">Oh boy!</mx:subfield></mx:datafield><mx:datafield ind1="0" ind2="2" tag="740"><mx:subfield code="a">Oh, oh I'm falling in love again</mx:subfield></mx:datafield><mx:datafield ind1="0" ind2="2" tag="740"><mx:subfield code="a">On and on</mx:subfield></mx:datafield><mx:datafield ind1="0" ind2="2" tag="740"><mx:subfield code="a">Once bitten twice shy</mx:subfield></mx:datafield><mx:datafield ind1="0" ind2="2" tag="740"><mx:subfield code="a">100 years</mx:subfield></mx:datafield><mx:datafield ind1="0" ind2="2" tag="740"><mx:subfield code="a">One night</mx:subfield></mx:datafield><mx:datafield ind1="0" ind2="2" tag="740"><mx:subfield code="a">Only love can break a heart</mx:subfield></mx:datafield><mx:datafield ind1="0" ind2="2" tag="740"><mx:subfield code="a">Only yesterday</mx:subfield></mx:datafield><mx:datafield ind1="0" ind2="2" tag="740"><mx:subfield code="a">Ooby-dooby</mx:subfield></mx:datafield><mx:datafield ind1="4" ind2="2" tag="740"><mx:subfield code="a">The other woman</mx:subfield></mx:datafield><mx:datafield ind1="0" ind2="2" tag="740"><mx:subfield code="a">Our day will come</mx:subfield></mx:datafield><mx:datafield ind1="0" ind2="2" tag="740"><mx:subfield code="a">Our house</mx:subfield></mx:datafield><mx:datafield ind1="0" ind2="2" tag="740"><mx:subfield code="a">Out of the blue</mx:subfield></mx:datafield><mx:datafield ind1="0" ind2="2" tag="740"><mx:subfield code="a">Panama</mx:subfield></mx:datafield><mx:datafield ind1="0" ind2="2" tag="740"><mx:subfield code="a">Paperback writer</mx:subfield></mx:datafield><mx:datafield ind1="0" ind2="2" tag="740"><mx:subfield code="a">Paradise city</mx:subfield></mx:datafield><mx:datafield ind1="0" ind2="2" tag="740"><mx:subfield code="a">Patches</mx:subfield></mx:datafield><mx:datafield ind1="0" ind2="2" tag="740"><mx:subfield code="a">Peg</mx:subfield></mx:datafield><mx:datafield ind1="0" ind2="2" tag="740"><mx:subfield code="a">Perfect world</mx:subfield></mx:datafield><mx:datafield ind1="0" ind2="2" tag="740"><mx:subfield code="a">Pick up the pieces</mx:subfield></mx:datafield><mx:datafield ind1="0" ind2="2" tag="740"><mx:subfield code="a">Pieces of April</mx:subfield></mx:datafield><mx:datafield ind1="0" ind2="2" tag="740"><mx:subfield code="a">Pleasant Valley Sunday</mx:subfield></mx:datafield><mx:datafield ind1="0" ind2="2" tag="740"><mx:subfield code="a">Please love me forever</mx:subfield></mx:datafield><mx:datafield ind1="0" ind2="2" tag="740"><mx:subfield code="a">Please please me</mx:subfield></mx:datafield><mx:datafield ind1="0" ind2="2" tag="740"><mx:subfield code="a">Poetry man</mx:subfield></mx:datafield><mx:datafield ind1="0" ind2="2" tag="740"><mx:subfield code="a">Poor little fool</mx:subfield></mx:datafield><mx:datafield ind1="0" ind2="2" tag="740"><mx:subfield code="a">Pretty little angel eyes</mx:subfield></mx:datafield><mx:datafield ind1="0" ind2="2" tag="740"><mx:subfield code="a">Proud Mary</mx:subfield></mx:datafield><mx:datafield ind1="0" ind2="2" tag="740"><mx:subfield code="a">Puppy love</mx:subfield></mx:datafield><mx:datafield ind1="0" ind2="2" tag="740"><mx:subfield code="a">Purple rain</mx:subfield></mx:datafield><mx:datafield ind1="4" ind2="2" tag="740"><mx:subfield code="a">The man who knew too much Que sera, sera : Whatever will be, will be</mx:subfield></mx:datafield><mx:datafield ind1="0" ind2="2" tag="740"><mx:subfield code="a">Quiet village</mx:subfield></mx:datafield><mx:datafield ind1="0" ind2="2" tag="740"><mx:subfield code="a">Ramblin' gamblin' man</mx:subfield></mx:datafield><mx:datafield ind1="0" ind2="2" tag="740"><mx:subfield code="a">Ramblin' Rose</mx:subfield></mx:datafield><mx:datafield ind1="0" ind2="2" tag="740"><mx:subfield code="a">Rapper's delight</mx:subfield></mx:datafield><mx:datafield ind1="0" ind2="2" tag="740"><mx:subfield code="a">Reach out and touch (somebody's hand)</mx:subfield></mx:datafield><mx:datafield ind1="0" ind2="2" tag="740"><mx:subfield code="a">Reach out, I'll be there</mx:subfield></mx:datafield><mx:datafield ind1="0" ind2="2" tag="740"><mx:subfield code="a">Real love</mx:subfield></mx:datafield><mx:datafield ind1="0" ind2="2" tag="740"><mx:subfield code="a">Reeling in the years</mx:subfield></mx:datafield><mx:datafield ind1="0" ind2="2" tag="740"><mx:subfield code="a">Refugee</mx:subfield></mx:datafield><mx:datafield ind1="0" ind2="2" tag="740"><mx:subfield code="a">Remember : Walking in the sand</mx:subfield></mx:datafield><mx:datafield ind1="0" ind2="2" tag="740"><mx:subfield code="a">Reunited</mx:subfield></mx:datafield><mx:datafield ind1="0" ind2="2" tag="740"><mx:subfield code="a">Rhythm of the night</mx:subfield></mx:datafield><mx:datafield ind1="0" ind2="2" tag="740"><mx:subfield code="a">Ride like the wind</mx:subfield></mx:datafield><mx:datafield ind1="0" ind2="2" tag="740"><mx:subfield code="a">Right back where we started from</mx:subfield></mx:datafield><mx:datafield ind1="0" ind2="2" tag="740"><mx:subfield code="a">Rock and roll is here to stay</mx:subfield></mx:datafield><mx:datafield ind1="0" ind2="2" tag="740"><mx:subfield code="a">Rock Island Line</mx:subfield></mx:datafield><mx:datafield ind1="0" ind2="2" tag="740"><mx:subfield code="a">Rock'n me</mx:subfield></mx:datafield><mx:datafield ind1="0" ind2="2" tag="740"><mx:subfield code="a">Rock on</mx:subfield></mx:datafield><mx:datafield ind1="0" ind2="2" tag="740"><mx:subfield code="a">Rocket man : I think it's gonna be a long long time</mx:subfield></mx:datafield><mx:datafield ind1="0" ind2="2" tag="740"><mx:subfield code="a">Roll with it</mx:subfield></mx:datafield><mx:datafield ind1="0" ind2="2" tag="740"><mx:subfield code="a">Rosanna</mx:subfield></mx:datafield><mx:datafield ind1="0" ind2="2" tag="740"><mx:subfield code="a">Roxanne</mx:subfield></mx:datafield><mx:datafield ind1="0" ind2="2" tag="740"><mx:subfield code="a">Ruby baby</mx:subfield></mx:datafield><mx:datafield ind1="0" ind2="2" tag="740"><mx:subfield code="a">Run around</mx:subfield></mx:datafield><mx:datafield ind1="0" ind2="2" tag="740"><mx:subfield code="a">Run to you</mx:subfield></mx:datafield><mx:datafield ind1="0" ind2="2" tag="740"><mx:subfield code="a">Running scared</mx:subfield></mx:datafield><mx:datafield ind1="0" ind2="2" tag="740"><mx:subfield code="a">Sad movies (make me cry)</mx:subfield></mx:datafield><mx:datafield ind1="0" ind2="2" tag="740"><mx:subfield code="a">Saturday night's alright (for fighting)</mx:subfield></mx:datafield><mx:datafield ind1="4" ind2="2" tag="740"><mx:subfield code="a">The search is over</mx:subfield></mx:datafield><mx:datafield ind1="0" ind2="2" tag="740"><mx:subfield code="a">See you in September</mx:subfield></mx:datafield><mx:datafield ind1="0" ind2="2" tag="740"><mx:subfield code="a">Send one your love</mx:subfield></mx:datafield><mx:datafield ind1="0" ind2="2" tag="740"><mx:subfield code="a">Sentimental lady</mx:subfield></mx:datafield><mx:datafield ind1="0" ind2="2" tag="740"><mx:subfield code="a">Sexual healing</mx:subfield></mx:datafield><mx:datafield ind1="0" ind2="2" tag="740"><mx:subfield code="a">Shake you down</mx:subfield></mx:datafield><mx:datafield ind1="0" ind2="2" tag="740"><mx:subfield code="a">Shake your groove thing</mx:subfield></mx:datafield><mx:datafield ind1="0" ind2="2" tag="740"><mx:subfield code="a">Shambala</mx:subfield></mx:datafield><mx:datafield ind1="0" ind2="2" tag="740"><mx:subfield code="a">Share your love with me</mx:subfield></mx:datafield><mx:datafield ind1="0" ind2="2" tag="740"><mx:subfield code="a">She blinded me with science</mx:subfield></mx:datafield><mx:datafield ind1="0" ind2="2" tag="740"><mx:subfield code="a">She loves you</mx:subfield></mx:datafield><mx:datafield ind1="0" ind2="2" tag="740"><mx:subfield code="a">She's not you</mx:subfield></mx:datafield><mx:datafield ind1="0" ind2="2" tag="740"><mx:subfield code="a">(She's) sexy &amp; 17</mx:subfield></mx:datafield><mx:datafield ind1="0" ind2="2" tag="740"><mx:subfield code="a">Shot gun</mx:subfield></mx:datafield><mx:datafield ind1="0" ind2="2" tag="740"><mx:subfield code="a">Should I stay or should I go</mx:subfield></mx:datafield><mx:datafield ind1="0" ind2="2" tag="740"><mx:subfield code="a">Show must go on</mx:subfield></mx:datafield><mx:datafield ind1="2" ind2="2" tag="740"><mx:subfield code="a">A sign of the times</mx:subfield></mx:datafield><mx:datafield ind1="0" ind2="2" tag="740"><mx:subfield code="a">Sign your name</mx:subfield></mx:datafield><mx:datafield ind1="0" ind2="2" tag="740"><mx:subfield code="a">Silhouette</mx:subfield></mx:datafield><mx:datafield ind1="0" ind2="2" tag="740"><mx:subfield code="a">Sesame Street Sing</mx:subfield></mx:datafield><mx:datafield ind1="0" ind2="2" tag="740"><mx:subfield code="a">(Seven little girls) sitting in the back</mx:subfield></mx:datafield><mx:datafield ind1="0" ind2="2" tag="740"><mx:subfield code="a">Sky high</mx:subfield></mx:datafield><mx:datafield ind1="0" ind2="2" tag="740"><mx:subfield code="a">Sloop John B</mx:subfield></mx:datafield><mx:datafield ind1="0" ind2="2" tag="740"><mx:subfield code="a">Smiling faces sometimes</mx:subfield></mx:datafield><mx:datafield ind1="0" ind2="2" tag="740"><mx:subfield code="a">Smoke gets in your eyes</mx:subfield></mx:datafield><mx:datafield ind1="0" ind2="2" tag="740"><mx:subfield code="a">Smokin' in the boys room</mx:subfield></mx:datafield><mx:datafield ind1="0" ind2="2" tag="740"><mx:subfield code="a">Snowbird</mx:subfield></mx:datafield><mx:datafield ind1="0" ind2="2" tag="740"><mx:subfield code="a">So into you</mx:subfield></mx:datafield><mx:datafield ind1="0" ind2="2" tag="740"><mx:subfield code="a">Some day (you'll want me to want you)</mx:subfield></mx:datafield><mx:datafield ind1="3" ind2="2" tag="740"><mx:subfield code="a">An American tail Somewhere out there</mx:subfield></mx:datafield><mx:datafield ind1="0" ind2="2" tag="740"><mx:subfield code="a">Son-of-a-preacher man</mx:subfield></mx:datafield><mx:datafield ind1="0" ind2="2" tag="740"><mx:subfield code="a">Song sung blue</mx:subfield></mx:datafield><mx:datafield ind1="0" ind2="2" tag="740"><mx:subfield code="a">Sorry seems to be the hardest word</mx:subfield></mx:datafield><mx:datafield ind1="0" ind2="2" tag="740"><mx:subfield code="a">Soul limbo</mx:subfield></mx:datafield><mx:datafield ind1="0" ind2="2" tag="740"><mx:subfield code="a">Southern Cross</mx:subfield></mx:datafield><mx:datafield ind1="0" ind2="2" tag="740"><mx:subfield code="a">Southern nights</mx:subfield></mx:datafield><mx:datafield ind1="0" ind2="2" tag="740"><mx:subfield code="a">Spanish eyes</mx:subfield></mx:datafield><mx:datafield ind1="0" ind2="2" tag="740"><mx:subfield code="a">Spanish flea</mx:subfield></mx:datafield><mx:datafield ind1="4" ind2="2" tag="740"><mx:subfield code="a">The Godfather Speak softly, love : Love theme</mx:subfield></mx:datafield><mx:datafield ind1="0" ind2="2" tag="740"><mx:subfield code="a">Spiders and snakes</mx:subfield></mx:datafield><mx:datafield ind1="0" ind2="2" tag="740"><mx:subfield code="a">Steppin' out</mx:subfield></mx:datafield><mx:datafield ind1="0" ind2="2" tag="740"><mx:subfield code="a">Still</mx:subfield></mx:datafield><mx:datafield ind1="0" ind2="2" tag="740"><mx:subfield code="a">Stuck in the middle with you</mx:subfield></mx:datafield><mx:datafield ind1="0" ind2="2" tag="740"><mx:subfield code="a">Stupid Cupid</mx:subfield></mx:datafield><mx:datafield ind1="0" ind2="2" tag="740"><mx:subfield code="a">Suffragette City</mx:subfield></mx:datafield><mx:datafield ind1="0" ind2="2" tag="740"><mx:subfield code="a">Sukiyaki</mx:subfield></mx:datafield><mx:datafield ind1="0" ind2="2" tag="740"><mx:subfield code="a">Summertime, summertime</mx:subfield></mx:datafield><mx:datafield ind1="0" ind2="2" tag="740"><mx:subfield code="a">Sunny</mx:subfield></mx:datafield><mx:datafield ind1="0" ind2="2" tag="740"><mx:subfield code="a">Surrender</mx:subfield></mx:datafield><mx:datafield ind1="0" ind2="2" tag="740"><mx:subfield code="a">Sway : Quien Sera</mx:subfield></mx:datafield><mx:datafield ind1="0" ind2="2" tag="740"><mx:subfield code="a">Sweet city woman</mx:subfield></mx:datafield><mx:datafield ind1="0" ind2="2" tag="740"><mx:subfield code="a">Sweet home Alabama</mx:subfield></mx:datafield><mx:datafield ind1="0" ind2="2" tag="740"><mx:subfield code="a">Sweet nothin's</mx:subfield></mx:datafield><mx:datafield ind1="0" ind2="2" tag="740"><mx:subfield code="a">Sweet thing : Sweet thang</mx:subfield></mx:datafield><mx:datafield ind1="0" ind2="2" tag="740"><mx:subfield code="a">Take a chance on me</mx:subfield></mx:datafield><mx:datafield ind1="0" ind2="2" tag="740"><mx:subfield code="a">Take a letter, Maria</mx:subfield></mx:datafield><mx:datafield ind1="0" ind2="2" tag="740"><mx:subfield code="a">Take me home, country roads</mx:subfield></mx:datafield><mx:datafield ind1="0" ind2="2" tag="740"><mx:subfield code="a">Take on me</mx:subfield></mx:datafield><mx:datafield ind1="0" ind2="2" tag="740"><mx:subfield code="a">Talk dirty to me</mx:subfield></mx:datafield><mx:datafield ind1="0" ind2="2" tag="740"><mx:subfield code="a">Talkin' in your sleep / Roger Cook and Bobby Woods</mx:subfield></mx:datafield><mx:datafield ind1="0" ind2="2" tag="740"><mx:subfield code="a">Talking in your sleep / Jimmy Marios ... [ et al.]</mx:subfield></mx:datafield><mx:datafield ind1="4" ind2="2" tag="740"><mx:subfield code="a">The tears of a clown</mx:subfield></mx:datafield><mx:datafield ind1="0" ind2="2" tag="740"><mx:subfield code="a">Tennessee Waltz</mx:subfield></mx:datafield><mx:datafield ind1="4" ind2="2" tag="740"><mx:subfield code="a">The caddy That's amoré : That's love</mx:subfield></mx:datafield><mx:datafield ind1="0" ind2="2" tag="740"><mx:subfield code="a">That's the way of the world</mx:subfield></mx:datafield><mx:datafield ind1="0" ind2="2" tag="740"><mx:subfield code="a">There's a moon out tonight</mx:subfield></mx:datafield><mx:datafield ind1="0" ind2="2" tag="740"><mx:subfield code="a">This land is your land</mx:subfield></mx:datafield><mx:datafield ind1="0" ind2="2" tag="740"><mx:subfield code="a">Those were the days</mx:subfield></mx:datafield><mx:datafield ind1="0" ind2="2" tag="740"><mx:subfield code="a">Thou shalt not steal</mx:subfield></mx:datafield><mx:datafield ind1="0" ind2="2" tag="740"><mx:subfield code="a">Through the years</mx:subfield></mx:datafield><mx:datafield ind1="0" ind2="2" tag="740"><mx:subfield code="a">Throwing it all away</mx:subfield></mx:datafield><mx:datafield ind1="0" ind2="2" tag="740"><mx:subfield code="a">Ticket to ride</mx:subfield></mx:datafield><mx:datafield ind1="0" ind2="2" tag="740"><mx:subfield code="a">Tijuana taxi</mx:subfield></mx:datafield><mx:datafield ind1="0" ind2="2" tag="740"><mx:subfield code="a">Time : Clock of the heart</mx:subfield></mx:datafield><mx:datafield ind1="0" ind2="2" tag="740"><mx:subfield code="a">Time after time</mx:subfield></mx:datafield><mx:datafield ind1="0" ind2="2" tag="740"><mx:subfield code="a">Time is tight</mx:subfield></mx:datafield><mx:datafield ind1="0" ind2="2" tag="740"><mx:subfield code="a">Timothy</mx:subfield></mx:datafield><mx:datafield ind1="0" ind2="2" tag="740"><mx:subfield code="a">To know him is to love him</mx:subfield></mx:datafield><mx:datafield ind1="0" ind2="2" tag="740"><mx:subfield code="a">Too much</mx:subfield></mx:datafield><mx:datafield ind1="0" ind2="2" tag="740"><mx:subfield code="a">Total eclipse of the heart</mx:subfield></mx:datafield><mx:datafield ind1="0" ind2="2" tag="740"><mx:subfield code="a">Town without pity Town without pity</mx:subfield></mx:datafield><mx:datafield ind1="4" ind2="2" tag="740"><mx:subfield code="a">The tracks of my tears</mx:subfield></mx:datafield><mx:datafield ind1="0" ind2="2" tag="740"><mx:subfield code="a">True blue</mx:subfield></mx:datafield><mx:datafield ind1="0" ind2="2" tag="740"><mx:subfield code="a">Truly</mx:subfield></mx:datafield><mx:datafield ind1="0" ind2="2" tag="740"><mx:subfield code="a">Tubthumping</mx:subfield></mx:datafield><mx:datafield ind1="0" ind2="2" tag="740"><mx:subfield code="a">Tuff enuff</mx:subfield></mx:datafield><mx:datafield ind1="0" ind2="2" tag="740"><mx:subfield code="a">Turn your love around</mx:subfield></mx:datafield><mx:datafield ind1="0" ind2="2" tag="740"><mx:subfield code="a">Two divided by love</mx:subfield></mx:datafield><mx:datafield ind1="0" ind2="2" tag="740"><mx:subfield code="a">Unchained Unchained melody</mx:subfield></mx:datafield><mx:datafield ind1="0" ind2="2" tag="740"><mx:subfield code="a">Uncle Albert</mx:subfield></mx:datafield><mx:datafield ind1="0" ind2="2" tag="740"><mx:subfield code="a">Admiral Halsey</mx:subfield></mx:datafield><mx:datafield ind1="0" ind2="2" tag="740"><mx:subfield code="a">United we stand</mx:subfield></mx:datafield><mx:datafield ind1="0" ind2="2" tag="740"><mx:subfield code="a">Video killed the radio star</mx:subfield></mx:datafield><mx:datafield ind1="0" ind2="2" tag="740"><mx:subfield code="a">Walkin' after midnight</mx:subfield></mx:datafield><mx:datafield ind1="0" ind2="2" tag="740"><mx:subfield code="a">Walking in Memphis</mx:subfield></mx:datafield><mx:datafield ind1="4" ind2="2" tag="740"><mx:subfield code="a">The warrior</mx:subfield></mx:datafield><mx:datafield ind1="0" ind2="2" tag="740"><mx:subfield code="a">Wasted on the way</mx:subfield></mx:datafield><mx:datafield ind1="0" ind2="2" tag="740"><mx:subfield code="a">Waterloo</mx:subfield></mx:datafield><mx:datafield ind1="0" ind2="2" tag="740"><mx:subfield code="a">'Way down yonder in New Orleans</mx:subfield></mx:datafield><mx:datafield ind1="4" ind2="2" tag="740"><mx:subfield code="a">The way you do the things you do</mx:subfield></mx:datafield><mx:datafield ind1="4" ind2="2" tag="740"><mx:subfield code="a">The way you move</mx:subfield></mx:datafield><mx:datafield ind1="0" ind2="2" tag="740"><mx:subfield code="a">We are the world</mx:subfield></mx:datafield><mx:datafield ind1="0" ind2="2" tag="740"><mx:subfield code="a">We belong</mx:subfield></mx:datafield><mx:datafield ind1="0" ind2="2" tag="740"><mx:subfield code="a">We're in this love together</mx:subfield></mx:datafield><mx:datafield ind1="0" ind2="2" tag="740"><mx:subfield code="a">We're ready</mx:subfield></mx:datafield><mx:datafield ind1="0" ind2="2" tag="740"><mx:subfield code="a">We've got tonight</mx:subfield></mx:datafield><mx:datafield ind1="0" ind2="2" tag="740"><mx:subfield code="a">Wear my ring around your neck</mx:subfield></mx:datafield><mx:datafield ind1="0" ind2="2" tag="740"><mx:subfield code="a">What about love?</mx:subfield></mx:datafield><mx:datafield ind1="0" ind2="2" tag="740"><mx:subfield code="a">What have I done to deserve this?</mx:subfield></mx:datafield><mx:datafield ind1="0" ind2="2" tag="740"><mx:subfield code="a">What in the world's come over you</mx:subfield></mx:datafield><mx:datafield ind1="0" ind2="2" tag="740"><mx:subfield code="a">Whatever gets you through the night</mx:subfield></mx:datafield><mx:datafield ind1="0" ind2="2" tag="740"><mx:subfield code="a">When doves cry</mx:subfield></mx:datafield><mx:datafield ind1="0" ind2="2" tag="740"><mx:subfield code="a">When I need you</mx:subfield></mx:datafield><mx:datafield ind1="0" ind2="2" tag="740"><mx:subfield code="a">When the children cry</mx:subfield></mx:datafield><mx:datafield ind1="0" ind2="2" tag="740"><mx:subfield code="a">Where have all the flowers gone?</mx:subfield></mx:datafield><mx:datafield ind1="0" ind2="2" tag="740"><mx:subfield code="a">Babes in arms Where or when</mx:subfield></mx:datafield><mx:datafield ind1="0" ind2="2" tag="740"><mx:subfield code="a">Whip it</mx:subfield></mx:datafield><mx:datafield ind1="0" ind2="2" tag="740"><mx:subfield code="a">Who can it be now?</mx:subfield></mx:datafield><mx:datafield ind1="0" ind2="2" tag="740"><mx:subfield code="a">Who put the bomp (in the bomp ba bomp ba bomp)</mx:subfield></mx:datafield><mx:datafield ind1="0" ind2="2" tag="740"><mx:subfield code="a">Why</mx:subfield></mx:datafield><mx:datafield ind1="0" ind2="2" tag="740"><mx:subfield code="a">Will you love me tomorrow : Will you still love me tomorrow</mx:subfield></mx:datafield><mx:datafield ind1="0" ind2="2" tag="740"><mx:subfield code="a">Wishing you were here</mx:subfield></mx:datafield><mx:datafield ind1="0" ind2="2" tag="740"><mx:subfield code="a">With a little help from my friends</mx:subfield></mx:datafield><mx:datafield ind1="0" ind2="2" tag="740"><mx:subfield code="a">With you I'm born again</mx:subfield></mx:datafield><mx:datafield ind1="0" ind2="2" tag="740"><mx:subfield code="a">Wives and lovers Wives and lovers : Hey, little girl</mx:subfield></mx:datafield><mx:datafield ind1="0" ind2="2" tag="740"><mx:subfield code="a">Woman, woman</mx:subfield></mx:datafield><mx:datafield ind1="4" ind2="2" tag="740"><mx:subfield code="a">The wonder of you</mx:subfield></mx:datafield><mx:datafield ind1="0" ind2="2" tag="740"><mx:subfield code="a">A wonderful time up there : Everybody's gonna have a wonderful time up there</mx:subfield></mx:datafield><mx:datafield ind1="0" ind2="2" tag="740"><mx:subfield code="a">Wonderwall</mx:subfield></mx:datafield><mx:datafield ind1="0" ind2="2" tag="740"><mx:subfield code="a">Wooden heart</mx:subfield></mx:datafield><mx:datafield ind1="0" ind2="2" tag="740"><mx:subfield code="a">Words of love</mx:subfield></mx:datafield><mx:datafield ind1="0" ind2="2" tag="740"><mx:subfield code="a">Wrap it up</mx:subfield></mx:datafield><mx:datafield ind1="0" ind2="2" tag="740"><mx:subfield code="a">Yellow submarine</mx:subfield></mx:datafield><mx:datafield ind1="0" ind2="2" tag="740"><mx:subfield code="a">Yester-me, yester-you, yesterday</mx:subfield></mx:datafield><mx:datafield ind1="0" ind2="2" tag="740"><mx:subfield code="a">Y.M.C.A</mx:subfield></mx:datafield><mx:datafield ind1="0" ind2="2" tag="740"><mx:subfield code="a">You are</mx:subfield></mx:datafield><mx:datafield ind1="0" ind2="2" tag="740"><mx:subfield code="a">You belong to me</mx:subfield></mx:datafield><mx:datafield ind1="0" ind2="2" tag="740"><mx:subfield code="a">You can't sit down</mx:subfield></mx:datafield><mx:datafield ind1="0" ind2="2" tag="740"><mx:subfield code="a">You didn't have to be so nice</mx:subfield></mx:datafield><mx:datafield ind1="0" ind2="2" tag="740"><mx:subfield code="a">You gotta be</mx:subfield></mx:datafield><mx:datafield ind1="0" ind2="2" tag="740"><mx:subfield code="a">You haven't done nothin'</mx:subfield></mx:datafield><mx:datafield ind1="0" ind2="2" tag="740"><mx:subfield code="a">You raise me up</mx:subfield></mx:datafield><mx:datafield ind1="0" ind2="2" tag="740"><mx:subfield code="a">You're beautiful</mx:subfield></mx:datafield><mx:datafield ind1="0" ind2="2" tag="740"><mx:subfield code="a">You're in my heart</mx:subfield></mx:datafield><mx:datafield ind1="0" ind2="2" tag="740"><mx:subfield code="a">You're my everything</mx:subfield></mx:datafield><mx:datafield ind1="0" ind2="2" tag="740"><mx:subfield code="a">You're only lonely</mx:subfield></mx:datafield><mx:datafield ind1="0" ind2="2" tag="740"><mx:subfield code="a">Young turks</mx:subfield></mx:datafield><mx:datafield ind1="0" ind2="2" tag="740"><mx:subfield code="a">Beautiful morning</mx:subfield></mx:datafield><mx:datafield ind1="0" ind2="2" tag="740"><mx:subfield code="a">5 robles</mx:subfield></mx:datafield><mx:datafield ind1="0" ind2="2" tag="740"><mx:subfield code="a">5 oaks</mx:subfield></mx:datafield><mx:datafield ind1="0" ind2="2" tag="740"><mx:subfield code="a">The 1. time ever I saw your face</mx:subfield></mx:datafield><mx:datafield ind1="2" ind2="2" tag="740"><mx:subfield code="a">A fool such as I</mx:subfield></mx:datafield><mx:datafield ind1="0" ind2="2" tag="740"><mx:subfield code="a">Another somebody done somebody wrong song</mx:subfield></mx:datafield><mx:datafield ind1="0" ind2="2" tag="740"><mx:subfield code="a">I kissed you</mx:subfield></mx:datafield><mx:datafield ind1="0" ind2="2" tag="740"><mx:subfield code="a">Mambo number 5</mx:subfield></mx:datafield><mx:datafield ind1="0" ind2="2" tag="740"><mx:subfield code="a">Mister Big Stuff</mx:subfield></mx:datafield><mx:datafield ind1="0" ind2="2" tag="740"><mx:subfield code="a">Mister Jones</mx:subfield></mx:datafield><mx:datafield ind1="0" ind2="2" tag="740"><mx:subfield code="a">Number 9 dream</mx:subfield></mx:datafield><mx:datafield ind1="0" ind2="2" tag="740"><mx:subfield code="a">1 night</mx:subfield></mx:datafield><mx:datafield ind1="0" ind2="2" tag="740"><mx:subfield code="a">(She's) sexy and 17</mx:subfield></mx:datafield><mx:datafield ind1="0" ind2="2" tag="740"><mx:subfield code="a">Sexy &amp; 17</mx:subfield></mx:datafield><mx:datafield ind1="0" ind2="2" tag="740"><mx:subfield code="a">Sexy and 17</mx:subfield></mx:datafield><mx:datafield ind1="0" ind2="2" tag="740"><mx:subfield code="a">(7 little girls) sitting in the back seat</mx:subfield></mx:datafield><mx:datafield ind1="0" ind2="2" tag="740"><mx:subfield code="a">Sitting in the back seat</mx:subfield></mx:datafield><mx:datafield ind1="0" ind2="2" tag="740"><mx:subfield code="a">2 divided by love</mx:subfield></mx:datafield><mx:datafield ind1="0" ind2="2" tag="740"><mx:subfield code="a">YMCA</mx:subfield></mx:datafield><mx:datafield ind1="0" ind2="2" tag="740"><mx:subfield code="a">Happy birthday sweet 16</mx:subfield></mx:datafield><mx:datafield ind1=" " ind2=" " tag="901"><mx:subfield code="a">781</mx:subfield></mx:datafield></mx:record><hs activity="insert">DKDLA</hs><hasLHR>false</hasLHR></marc21></of:formatResponse></SOAP-ENV:Body></SOAP-ENV:Envelope>
